@misc{aafp98,
      author = "Kevin C. Staudinger",
      title = "Occupational Lead Poisoning",
      month = "February",
      year = "1998",
      url = "http://www.aafp.org/afp/1998/0215/p719.html"
}